<collection xmlns="http://www.loc.gov/MARC21/slim">
<record>
  <leader>03741nam0a2200553 i 450 </leader>
  <controlfield tag="001">IT\ICCU\CNCE\016336</controlfield>
  <controlfield tag="005">20030919000000.0</controlfield>
  <datafield tag="012" ind1=" " ind2=" ">
    <subfield code="a">iue- a-bi o.t. exCa (3) 1599 (R)</subfield>
    <subfield code="2">fei</subfield>
  </datafield>
  <datafield tag="100" ind1=" " ind2=" ">
    <subfield code="a">19970101d1599        0itac0103    ba</subfield>
  </datafield>
  <datafield tag="101" ind1=" " ind2=" ">
    <subfield code="a">LAT</subfield>
  </datafield>
  <datafield tag="102" ind1=" " ind2=" ">
    <subfield code="a">IT</subfield>
  </datafield>
  <datafield tag="200" ind1="1" ind2=" ">
    <subfield code="a"></subfield>
  </datafield>
  <datafield tag="210" ind1=" " ind2=" ">
    <subfield code="a">Venetiis</subfield>
    <subfield code="c">\Societ ̉dell&apos;Aquila che si rinnova!</subfield>
    <subfield code="d">1599</subfield>
    <subfield code="e">Venetiis</subfield>
    <subfield code="h">1599</subfield>
  </datafield>
  <datafield tag="215" ind1=" " ind2=" ">
    <subfield code="a">336, \60! c.</subfield>
    <subfield code="d">fol</subfield>
  </datafield>
  <datafield tag="300" ind1=" " ind2=" ">
    <subfield code="a">Sul front. insegna dell&apos;Aquila che si rinnova, nella cui cornice compaiono le marche di: erede di Girolamo Scoto, eredi di Giovanni Varisco, Damiano Zenaro, eredi di Melchiorre Sessa il vecchio</subfield>
  </datafield>
  <datafield tag="620" ind1=" " ind2=" ">
    <subfield code="a">IT</subfield>
    <subfield code="d">Venezia</subfield>
  </datafield>
  <datafield tag="700" ind1=" " ind2="1">
    <subfield code="a">Decio,</subfield>
    <subfield code="b">Filippo</subfield>
    <subfield code="3">IT\ICCU\CNCA\004660</subfield>
  </datafield>
  <datafield tag="702" ind1=" " ind2="1">
    <subfield code="a">Giganti,</subfield>
    <subfield code="b">Girolamo</subfield>
    <subfield code="3">IT\ICCU\CNCA\000388</subfield>
  </datafield>
  <datafield tag="702" ind1=" " ind2="1">
    <subfield code="a">Aldobrandini,</subfield>
    <subfield code="b">Silvestro</subfield>
    <subfield code="3">IT\ICCU\CNCA\000577</subfield>
  </datafield>
  <datafield tag="702" ind1=" " ind2="1">
    <subfield code="a">Corti,</subfield>
    <subfield code="b">Franceschino</subfield>
    <subfield code="3">IT\ICCU\CNCA\003530</subfield>
  </datafield>
  <datafield tag="702" ind1=" " ind2="1">
    <subfield code="a">Medda,</subfield>
    <subfield code="b">Teodoro</subfield>
    <subfield code="3">IT\ICCU\CNCA\004380</subfield>
  </datafield>
  <datafield tag="712" ind1="0" ind2="2">
    <subfield code="a">Societ ̉dell&apos;Aquila che si rinnova</subfield>
    <subfield code="3">IT\ICCU\CNCT\000090</subfield>
    <subfield code="4">650</subfield>
  </datafield>
  <datafield tag="712" ind1="0" ind2="0">
    <subfield code="a">Scoto, Girolamo - erede &amp; Varisco, Giovanni - eredi &amp; Sessa, Melchiorre &lt;1.&gt; - eredi &amp; Zenaro, Damiano</subfield>
    <subfield code="3">IT\ICCU\CNCT\000921</subfield>
    <subfield code="4">650</subfield>
  </datafield>
  <datafield tag="790" ind1=" " ind2="1">
    <subfield code="a">Decius,</subfield>
    <subfield code="b">Philippus</subfield>
    <subfield code="3">IT\ICCU\CNCA\015308</subfield>
    <subfield code="z">Decio, Filippo</subfield>
  </datafield>
  <datafield tag="790" ind1=" " ind2="1">
    <subfield code="a">De_Dexio,</subfield>
    <subfield code="b">Philippus</subfield>
    <subfield code="3">IT\ICCU\CNCA\023186</subfield>
    <subfield code="z">Decio, Filippo</subfield>
  </datafield>
  <datafield tag="790" ind1=" " ind2="1">
    <subfield code="a">Gigas,</subfield>
    <subfield code="b">Hieronymus</subfield>
    <subfield code="3">IT\ICCU\CNCA\018624</subfield>
    <subfield code="z">Giganti, Girolamo</subfield>
  </datafield>
  <datafield tag="790" ind1=" " ind2="1">
    <subfield code="a">Aldobrandinus,</subfield>
    <subfield code="b">Sylvestrus</subfield>
    <subfield code="3">IT\ICCU\CNCA\018651</subfield>
    <subfield code="z">Aldobrandini, Silvestro</subfield>
  </datafield>
  <datafield tag="790" ind1=" " ind2="1">
    <subfield code="a">Curtius,</subfield>
    <subfield code="b">Francischinus</subfield>
    <subfield code="3">IT\ICCU\CNCA\013912</subfield>
    <subfield code="z">Corti, Franceschino</subfield>
  </datafield>
  <datafield tag="790" ind1=" " ind2="1">
    <subfield code="a">Corte,</subfield>
    <subfield code="b">Franceschino</subfield>
    <subfield code="3">IT\ICCU\CNCA\018552</subfield>
    <subfield code="z">Corti, Franceschino</subfield>
  </datafield>
  <datafield tag="790" ind1=" " ind2="1">
    <subfield code="a">Curtius,</subfield>
    <subfield code="b">Franciscus</subfield>
    <subfield code="c"> &lt;il giovane&gt;</subfield>
    <subfield code="3">IT\ICCU\CNCA\018553</subfield>
    <subfield code="z">Corti, Franceschino</subfield>
  </datafield>
  <datafield tag="790" ind1=" " ind2="1">
    <subfield code="a">Meda,</subfield>
    <subfield code="b">Teodoro</subfield>
    <subfield code="3">IT\ICCU\CNCA\004661</subfield>
    <subfield code="z">Medda, Teodoro</subfield>
  </datafield>
  <datafield tag="790" ind1=" " ind2="1">
    <subfield code="a">Medda,</subfield>
    <subfield code="b">Theodorus</subfield>
    <subfield code="3">IT\ICCU\CNCA\019625</subfield>
    <subfield code="z">Medda, Teodoro</subfield>
  </datafield>
  <datafield tag="791" ind1="0" ind2="2">
    <subfield code="a">℗sub signo ℗Aquilae se renovantis</subfield>
    <subfield code="3">IT\ICCU\CNCT\002173</subfield>
    <subfield code="z">Societ ̉dell&apos;Aquila che si rinnova</subfield>
  </datafield>
  <datafield tag="791" ind1="0" ind2="2">
    <subfield code="a">Societas Aquilae renovantis</subfield>
    <subfield code="3">IT\ICCU\CNCT\005689</subfield>
    <subfield code="z">Societ ̉dell&apos;Aquila che si rinnova</subfield>
  </datafield>
  <datafield tag="791" ind1="0" ind2="2">
    <subfield code="a">Compagnia dell&apos;Aquila</subfield>
    <subfield code="3">IT\ICCU\CNCT\005690</subfield>
    <subfield code="z">Societ ̉dell&apos;Aquila che si rinnova</subfield>
  </datafield>
  <datafield tag="801" ind1=" " ind2="3">
    <subfield code="a">IT</subfield>
    <subfield code="b">ICCU</subfield>
    <subfield code="c">20201114</subfield>
  </datafield>
  <datafield tag="899" ind1=" " ind2=" ">
    <subfield code="a">Biblioteca civica A. Mai. Bergamo</subfield>
    <subfield code="1">BG0026</subfield>
    <subfield code="2">LO1 02</subfield>
  </datafield>
  <datafield tag="899" ind1=" " ind2=" ">
    <subfield code="a">Biblioteca provinciale Angelo Camillo De Meis. Chieti</subfield>
    <subfield code="1">CH0020</subfield>
    <subfield code="2">ABR ME</subfield>
  </datafield>
  <datafield tag="899" ind1=" " ind2=" ">
    <subfield code="a">Biblioteca comunale Aurelio Saffi. Forl</subfield>
    <subfield code="1">FC0018</subfield>
    <subfield code="2">RAV FO</subfield>
  </datafield>
  <datafield tag="899" ind1=" " ind2=" ">
    <subfield code="a">Accademia Georgica. Treia</subfield>
    <subfield code="1">MC0251</subfield>
    <subfield code="2">UMC AG</subfield>
  </datafield>
  <datafield tag="899" ind1=" " ind2=" ">
    <subfield code="a">Biblioteca nazionale Braidense. Milano</subfield>
    <subfield code="1">MI0185</subfield>
    <subfield code="2">MIL NB</subfield>
  </datafield>
  <datafield tag="899" ind1=" " ind2=" ">
    <subfield code="a">Biblioteca comunale. Palermo</subfield>
    <subfield code="1">PA0063</subfield>
    <subfield code="2">PA1 CP</subfield>
  </datafield>
  <datafield tag="899" ind1=" " ind2=" ">
    <subfield code="a">Biblioteca del Seminario diocesano di Concordia-Pordenone. Pordenone</subfield>
    <subfield code="1">PN0052</subfield>
    <subfield code="2">TSA SC</subfield>
  </datafield>
  <datafield tag="899" ind1=" " ind2=" ">
    <subfield code="a">Biblioteca comunale. Siracusa</subfield>
    <subfield code="1">SR0026</subfield>
    <subfield code="2">SBS SR</subfield>
  </datafield>
  <datafield tag="899" ind1=" " ind2=" ">
    <subfield code="a">Biblioteca universitaria. Sassari</subfield>
    <subfield code="1">SS0073</subfield>
    <subfield code="2">CAG US</subfield>
  </datafield>
  <datafield tag="899" ind1=" " ind2=" ">
    <subfield code="a">Biblioteca del Seminario vescovile. Treviso</subfield>
    <subfield code="1">TV0113</subfield>
    <subfield code="2">VIA TS</subfield>
  </datafield>
  <datafield tag="899" ind1=" " ind2=" ">
    <subfield code="a">Biblioteca comunale. Treviso</subfield>
    <subfield code="1">TV0114</subfield>
    <subfield code="2">VIA CT</subfield>
  </datafield>
  <datafield tag="911" ind1=" " ind2=" ">
    <subfield code="a">sul front.</subfield>
    <subfield code="9">IT\ICCU\CNCM\000253</subfield>
  </datafield>
  <datafield tag="921" ind1=" " ind2=" ">
    <subfield code="a">IT\ICCU\CNCM\000253</subfield>
    <subfield code="b">Aquila che becca una roccia. Ai quattro angoli della cornice figurata le imprese di Scoto (grazie), Varisco (sirena), Sessa (gatta) e Zenaro (salamandra)</subfield>
    <subfield code="e">Renovabitur ut aquilae iuventus tua.</subfield>
    <subfield code="c">Z140</subfield>
    <subfield code="f">ACQUA</subfield>
    <subfield code="f">AQUILA</subfield>
    <subfield code="f">RENOVABITU</subfield>
    <subfield code="f">ROCCIA</subfield>
    <subfield code="g">1590-1600</subfield>
  </datafield>
</record>
</collection>
